@MISC{Thomason_blogspam,
    author = {Adam Thomason},
    title = {Blog Spam: A Review},
    year = {}
}

@INPROCEEDINGS{Narisawa06detectingblog,
    author = {Kazuyuki Narisawa and Daisuke Ikeda and Yasuhiro Yamada and Masayuki Takeda},
    title = {Detecting blog spams using the vocabulary size of all substrings in their copies},
    booktitle = {In Proceedings of the 3rd Annual Workshop on Weblogging Ecosystem},
    year = {2006}
}

@INPROCEEDINGS{Mishne05blockingblog,
    author = {Gilad Mishne and David Carmel and Ronny Lempel},
    title = {Blocking Blog Spam with Language Model Disagreement},
    booktitle = {In Proceedings of the First International Workshop on Adversarial Information Retrieval on the Web (AIRWeb},
    year = {2005}
}

@MISC{Han06collaborativeblog,
    author = {Seungyeop Han and Yong-yeol Ahn and Sue Moon and Hawoong Jeong},
    title = {Collaborative Blog Spam Filtering Using Adaptive Percolation Search},
    year = {2006}
}
@InProceedings{sybil,
	author = "John Douceur",
	title = "The {S}ybil Attack",
	booktitle = "1st IPTPS",
	year = "2002",
	month = "March"
}

@InProceedings{quantm_qtm,
	author = "Andrew G. West and Adam J. Aviv and Jian Chang and Vinayak S. Prabhu and Matt Blaze and Sampath Kannan and Insup Lee and Jonathan M. Smith and Oleg Sokolsky",
	title = "Quan{TM}: {A} Quantitative Trust Management System",
	booktitle = "{EUROSEC} 2009",
	year = "2009",
	pages = "28--35",
	month = "March",
	isbn = "978-1-60558-472-0"
}

@InProceedings{eigen,
	author = "Sepandar D. Kamvar and Mario T. Schlosser and Hector Garcia-molina",
	title = "The {E}igen{T}rust Algorithm for Reputation Management in {P2P} Networks",
	booktitle = "Proceedings of the Twelfth International World Wide Web Conference",
	year = "2003",
	address = "Budapest",
	month = "May"
}

@InProceedings{tna_sl,
	author = "Audun J{\o}sang and Ross Hayward and Simon Pope",
	title = "Trust Network Analysis with Subjective Logic",
	booktitle = "Proceedings of the 29th Australasian Computer Science Conference",
	year = "2006"
}

@TechReport{SecPAL,
	title = "{SecPAL}: Design and Semantics of a Decentralized Authorization Language",
	author = "Moritz Y. Becker and Cedric Fournet and Andrew D. Gordon",
	institution = "Microsoft Research",
	year = "2006"
}

@InProceedings{BlazeFL96,
	author = "Matt Blaze and Joan Feigenbaum and Jack Lacy",
	title = "Decentralized Trust Management",
	booktitle = "{IEEE} Symposium on Security and Privacy",
	publisher = "{IEEE} Computer Society",
	year = "1996",
	pages = "164--173"
}

@InProceedings{BlazeFK98,
	author = "Matt Blaze and Joan Feigenbaum and Angelos D. Keromytis",
	title = "Key{N}ote: Trust Management for Public-Key Infrastructures (Position Paper)",
	booktitle = "Security Protocols Workshop",
	series = "Lecture Notes in Computer Science",
	volume = "1550",
	year = "1999",
	pages = "59--63"
}

@Article{subj_logic,
	author = "Audun J{\o}sang",
	title = "A Logic for Uncertain Probabilities",
	journal = "International Journal of Uncertainty, Fuzziness, and Knowledge-Based Systems",
	year = "2001",
	volume = "9",
	number = "3",
	pages = "279--311",
	month = "June"
}

@InProceedings{rep_email_taxonomy,
	author = "Dmitri Alperovitch and Paul Judge and Sven Krasser",
	title = "Taxonomy of Email Reputation Systems",
	booktitle = "Distributed Computing Systems Workshops - ICDCSW '07",
	year = "2007",
	month = "June"
}

@InProceedings{ipv6_and_spam,
	author = "Peter Koski and Patrik Ostrihon and Reza Rajabiun",
	title = "{IP}v6 and Spam",
	booktitle = "2009 MIT Spam Conference",
	year = "2009",
	month = "March"
}

@TechReport{sbgp_survey,
	author = "Kevin Butler and Toni Farley and Patrick McDaniel and Jennifer Rexford",
	title = "A Survey of {BGP} Security Issues and Solutions",
	institution = "AT{\&}T Labs - Research",
	year = "2004",
	number = "TD-5UGJ33"
}

@InProceedings{rep_network_email,
	author = "Jennifer Golbeck and James Hendler",
	title = "Reputation Network Analysis for Email Filtering",
	booktitle = "In Proceedings of the Conference on Email and Anti-Spam (CEAS)",
	year = "2004"
}

@InProceedings{collaborative_filtering,
	author = "Ernesto Damiani and Sabrina Vimercati and Stefano Paraboschi and Pierangela Samarati",
	title = "{P2P}-Based Collaborative Spam Detection and Filtering",
	booktitle = "4th IEEE Conf. on P2P",
	year = "2004",
	pages = "176--183"
}

@InProceedings{behavioral_blacklisting,
	author = "Anirudh Ramachandran and Nick Feamster and Santosh Vempala",
	title = "Filtering Spam with Behavioral Blacklisting",
	booktitle = "Proc. of the 14th ACM Conference on Computer and Communications Security (CCS '07)",
	year = "2007",
	pages = "342--351"
}

@Unpublished{dynamic_reputation,
	author = "Anirudh Ramachandran and Shuang Hao and Hitesh Khandelwal and Nick Feamster and Santos Vempala",
	title = "A Dynamic Reputation Service for Spotting Spammers",
	note = "Publication pending"
}

@InProceedings{spamming_botnets,
	author = "Yinglian Xie and Fang Yu and Kannan Achan and Rina Paingrahy and Geoff Hulten and Ivan Osipkov",
	title = "Spamming Botnets: Signatures and Characteristics",
	booktitle = "SIGCOMM '08",
	year = "2008",
	pages = "171--182"
}

@InProceedings{Ramach:SIGCOMM:06,
	author = "Anirudh Ramachandran and Nick Feamster",
	title = "Understanding the Network-Level Behavior of Spammers",
	booktitle = "Proceedings of SIGCOMM 2006",
	year = "2006",
	pages = "291--302"
}

@InProceedings{transport_level_char,
	author = "Robert Beverly and Karen Sollins",
	title = "Exploiting Transport-Level Characteristics of Spam",
	booktitle = "Proc. of the Conference on Email and Anti-Spam (CEAS)",
	year = "2008"
}

@InProceedings{spamalytics,
	author = "Chris Kanich and Christian Kreibich and Kirill Levchenko and Brandon Enright and Geoffrey M. Voelker and Vern Paxson and Stefan Savage",
	title = "Spamalytics: An Empirical Market Analysis of Spam Marketing Conversion",
	booktitle = "Proc. of the 14th ACM Conference on Computer and Communications Security (CCS '08)",
	year = "2008",
	pages = "3--14"
}

@InProceedings{spamscatter,
	author = "David S. Anderson and Chris Fleizach and Stefan Savage and Geoffrey M. Voelker",
	title = "Spamscatter: Characterizing {I}nternet Scam Hosting Infrastructure",
	booktitle = "USENIX Security",
	year = "2007"
}

@InProceedings{campaign_trail,
	author = "Christian Kreibich and Chris Kanich and Kirill Levchenko and Brandon Enright and Geoffrey M. Voelker and Vern Paxson and Stefan Savage",
	title = "On the Spam Campaign Trail",
	booktitle = "USENIX-LEET",
	year = "2008"
}

@InProceedings{dynamic_ips,
	author = "Yinglian Xie and Fang Yu and Kannan Achan and Eliot Gillum and Moises Goldszmidt and Ted Wobber",
	title = "How dynamic are {IP} addresses?",
	booktitle = "In Proceedings of SIGCOMM '07",
	year = "2007"
}

@InProceedings{email_clients,
	author = "Joshua Goodman",
	title = "{IP} Addresses in Email Clients",
	booktitle = "Proc. of the Conference on Email and Anti-Spam (CEAS)",
	year = "2004"
}

@InProceedings{empirical_traffic,
	author = "Jaeyeon Jung and Emil Sit",
	title = "An empirical study of spam traffic and the use of {DNS} black lists",
	booktitle = "IMC '04: Proceedings of the 4th ACM SIGCOMM Conference on Internet Measurement",
	year = "2004",
	pages = "370--375"
}

@InProceedings{dnsbl_intel,
	author = "Anirudh Ramachandran and Nick Feamster and David Dagon",
	title = "Revealing Botnet Membership using {DNSBL} Counter-Intelligence",
	booktitle = "USENIX: Steps to Reducing Unwanted Traffic on the Internet",
	year = "2006",
	pages = "49--54"
}

@InProceedings{smtp_path_analysis,
	author = "Barry Leiba and Joel Ossher and V.T. Rajan and Richard Segal and Mark Wegman",
	title = "{SMTP} Path Analysis",
	booktitle = "Proc. of the Conference on Email and Anti-Spam (CEAS)",
	year = "2005"
}

@InProceedings{Hao:snare:2009,
	author = "Shuang Hao and Nadeem Ahmed Syed and Nick Feamster and Alexander G. Gray and Sven Krasser",
	title = "Detecting Spammers with {SNARE}: Spatio-Temporal Network-Level Automated Reputation Engine",
	booktitle = "18th USENIX Security Symposium",
	year = "2009",
	month = "August"
}

@InProceedings{deanonymizing,
	author = "Yinglian Xie and Fang Yu and Mart{\'i}n Abadi",
	title = "De-anonymizing the {I}nternet Using Unreliable {ID}s",
	booktitle = "SIGCOMM '09",
	year = "2009",
	month = "August"
}

@InBook{svm_light,
	author = "Thorsten Joachims",
	editor = "Bernhard Scolkopf and Chris Burges and Alexander J. Smola",
	title = "Advances in Kernel Methods - Support Vector Learning",
	chapter = "Making Large-scale SVM Learning Practical",
	pages = "169--184",
	publisher = "MIT Press",
	year = "1999",
	address = "Cambridge, MA"
}

@Misc{spamhaus,
	title = "{S}pamhaus {P}roject",
	howpublished = "\url{http:// www. spamhaus. org/}"
}

@Misc{route_views,
	title = "{U}niversity of {O}regon {R}oute {V}iews {P}roject",
	howpublished = "\url{http:// www. routeviews. org/}"
}

@Misc{caida,
	title = "{CAIDA} - {T}he {C}ooperative {A}ssociation for {I}nternet {D}ata {A}nalysis",
	howpublished = "\url{http:// www. caida.org/}"
}

@Misc{iana,
	title = "{IANA} - {I}nternet {A}ssigned {N}umbers {A}uthority",
	howpublished = "\url{http:// www. iana. org/}"
}

@Misc{proofpoint,
	title = "Proofpoint, {I}nc.",
	howpublished = "\url{http:// www. proofpoint. com/}"
}

@Misc{threefn,
	author = "Brian Krebs",
	title = "{FTC} Sues, Shuts Down {N}. {C}alif. Web Hosting Firm",
	howpublished = "\url{http:// voices. washingtonpost .com/ securityfix/ 2009/ 06/ ftc_sues_shuts_down_n_calif_we. html}",
	year = "2009",
	month = "June",
	note = "(3FN)"
}

@Misc{mccolo,
	author = "Brian Krebs",
	title = "Host of {I}nternet Spam Groups is Cut Off",
	howpublished = "\url{http:// www. washingtonpost. com/ wp-dyn/ content/ article/ 2008/ 11/ 12/ AR2008111200658. html}",
	year = "2008",
	month = "November",
	note = "(McColo Corporation)"
}

@Misc{youtube_pakistan,
	author = "Robert McMillan",
	title = "You{T}ube Outage Underscores {I}nternet Flaw",
	howpublished = "\url{http:// www. pcworld. com/ businesscenter/ article/ 142857/ youtube_outage_underscores_internet_flaw. html}",
	year = "2008",
	month = "February"
}

@Misc{MessageLabs,
	title = "Message{L}abs {I}ntelligence reports",
	howpublished = "\url{http:// www. messagelabs. com/ intelligence.aspx}"
}

@Misc{DNSBL_all,
	title = "{DNSBL}.info - {S}pam database lookup: {B}lacklists",
	howpublished = "\url{http:// www. dnsbl. info/ dnsbl-list.php}"
}

@InProceedings{Ramachandran:2006,
	author = "A. Ramachandran and D. Dagon and N. Feamster",
	title = "Can {DNSBL}s keep up with bots?",
	booktitle = "3rd Conference on Email and Anti-Spam (CEAS)",
	year = "2006"
}

@InProceedings{Kramer:2008,
	author = "M. Kramer and A. Gregorowicz and B. Lyer",
	title = "Wiki trust metrics based on phrasal analysis",
	booktitle = "WikiSym 4th Intl. Symposium on Wikis",
	year = "2008"
}

@Misc{Wikipedia,
	title = "Wikipedia",
	howpublished = "\url{http:// www. wikipedia. org}"
}

@Misc{Wikipedia:Glossary,
	title = "Wikipedia Glossary",
	howpublished = "\url{http:// en. wikipedia. org/ wiki/ WP: Glossary}"
}

@Misc{dramatica, 
	title = "Encyclop{\ae}dia {D}ramatica",
	howpublished = "\url{http:// www. encyclopediadramatica. com}"
}

@Misc{spam_ass,
	title = "{A}pache {S}pam{A}ssassin {P}roject",
	howpublished = "\url{http:// spamassassin. apache. org/}"
}

@Misc{google_toolbar,
	title = "Google Toolbar",
	howpublished = "\url{http:// www. google. com/ toolbar/}"
}

@Misc{cluebot,
	title = "Clue{B}ot",
	howpublished = "\url{http:// en. wikipedia. org/ wiki/ User:ClueBot}"
}

@Misc{wiki_scanner,
	title = "Wiki{S}canner",
	howpublished = "\url{http:// wikiscanner. virgil. gr/}"
}

@Misc{wikia,
	title = "Wikia",
	howpublished = "\url{http:// www. wikia. com/}"
}

@InProceedings{Dondio:06,
	title = "Extracting Trust from Domain Analysis: {A} Case Study on the {W}ikipedia Project",
	booktitle = "Autonomic and Trusted Computing",
	author = "Pierpaolo Dondio and Stephen Barrett and Stefan Weber and Jean Marc Seigneur",
	publisher = "Springer Berlin/Heidelberg",
	pages = "362--373",
	volume = "4158",
	year = "2006",
}

@InProceedings{Adler:07,
	title = "A Content-Driven Reputation System for the {W}ikipedia",
	booktitle = "WWW 2007, Proceedings of the 16th International World Wide Web Conference",
	author = "B.T. Adler and L. {de Alfaro}",
	year = "2007"
}

@InProceedings{Adler:08,
	title = "Assigning Trust to {W}ikipedia Content",
	booktitle = "WikiSym 2008: International Symposium on Wikis",
	author = "B.T. Adler and J. Benerou and K. Chatterjee and L. {de Alfaro} and I. Pye and V. Raman",
	year = "2008"
}

@Misc{wikitrust_live,
	title = "Wiki{T}rust",
	howpublished = "\url{http:// wikitrust. soe. ucsc. edu/}"
}

@InProceedings{Zeng:06,
	title = "Computing Trust from Revision History",
	booktitle = "International Conference on Privacy, Security, and Trust",
	author = "Honglei Zeng and Maher A. Alhossaini and Li Ding and Richard Fikes and Debora L. McGuinness",
	location = "Toronto, Canada",
	year = "2006"
}

@InProceedings{Boykins:05,
	title = "Personal email networks: An effective anti-spam tool",
	booktitle = "IEEE Computer 38",
	author = "P. Boykins and B. Roychowdhury",
	pages = "61--68",
	volume = "38",
	number = "4",
	year = "2005"
}

@Article{DTM2009,
	title = "Dynamic Trust Management",
	author = "Matt Blaze and Sampath Kannan and Angelos D. Keromytis and Insup Lee and Wenke Lee and Oleg Sokolsky and Jonathan M. Smith",
	journal = "{IEEE} Computer (Special Issue on Trust Mangement)",
	year = "2009"
}

@Misc{symantec_lookup,
	title = "{IP} Reputation Investigation",
	author = "{Symantec Corp.}",
	howpublished = "\url{http:// ipremoval. sms. symantec. com/}"
}

@Misc{ironport,
	author = "{IronPort Systems Inc.}",
	title = "Reputation-Based Mail Flow Control",
	howpublished = "White Paper",
	note = "(SenderBase)",
	year = "2002"
}

@InProceedings{exploiting_network_struct,
	author = "Shoba Venkataraman and Subhabrata Sen and Oliver Spatscheck and Patrick Haffner and Dawn Song",
	title = "Exploiting Network Structure for Proactive Spam Mitigation",
	booktitle = "16th USENIX Security Symposium",
	year = "2007",
	pages = "149--166"
}

@InProceedings{ndss_clusters,
	author = "Zhiyun Qian and Zhuoqing Mao and Yinglian Xie and Fang Yu",
	title = "On Network-level Clusters for Spam Detection",
	booktitle = "Proceedings of the 17th Annual Network and Distributed System Security Symposium (NDSS)",
	year = "2010"
}

@InProceedings{ndss_thresholding,
	author = "Sushant Sinha and Michael Bailey and Farnam Jahanian",
	title = "Improving Spam Blacklisting Through Dynamic Thresholding and Speculative Aggregation",
	booktitle = "Proceedings of the 17th Annual Network and Distributed System Security Symposium (NDSS)",
	year = "2010"
}

@InProceedings{shobah:nips:09,
	title = "Tracking Dynamic Sources of Malicious Activity at Internet Scale",
	booktitle = "NIPS'09",
	author = "Shoba Venkataraman and Avrim Blum and Dawn Song and Subhabrata Sen and Oliver Spatscheck",
	year = "2009"
}

@INBOOK{svm_light,
  author =    "Thorsten Joachims",
  editor =    "Bernhard Scolkopf and Chris Burges and Alexander J. Smola",
  title =     "Advances in Kernel Methods - Support Vector Learning", 
  chapter =   "Making Large-scale SVM Learning Practical",
  pages =     "169--184",
  publisher = "MIT Press",
  year =      "1999"
}

@INPROCEEDINGS{content_driven,
  author =    "B. Thomas Adler and Luca de Alfaro",
  title =     "A content-driven reputation system for the {W}ikipedia",
  booktitle = "WWW '07: Proceedings of the 16th International World Wide Web Conference",
  pages =     "261--270",  
  month =     "May",
  year =      "2007",
  address =   "Banff, Canada"
}

@INPROCEEDINGS{assigning_trust,
  author =    "B. Thomas Adler and Krishnendu Chatterjee and Luca de Alfaro and Marco Faella and Ian Pye and Vishwanath Raman",
  title =     "Assigning Trust to {W}ikipedia Content",
  booktitle = "Proceedings of WikiSym '08",
  year =      "2008",
  address =   "Porto, Portugal"
}

@INPROCEEDINGS{wrs,
  author =    "Thomas Lef\'{e}vre and Christian Damsgaard Jensen and Thoman Rune Korsgaard",
  title =     "{WRS}: The {W}ikipedia Recommender System",
  booktitle = "IFIPTM '09: Proceedings of Trust Management III",
  year =      "2009",
  pages =     "298--301",
  address =   "West Lafayette, Indiana, USA"
}

@INPROCEEDINGS{lifecycle_metrics,
  author =    "Thomas W{\"{o}}hner and Ralf Peters",
  title =     "Assessing the Quality of {W}ikipedia Articles with Lifecycle Based Metrics",
  booktitle = "Proceedings of WikiSym '09",
  year =      "2009",
  address =   "Orlando, Florida, USA"
}

@INPROCEEDINGS{smets_auto_vandal,
  author =    "Koen Smets and Bart Goethals and Brigitte Verdonk",
  title =     "Automatic Vandalism Detection in {W}ikipedia: {T}owards a Machine Learning Approach",
  booktitle = "WikiAI '08: Proceedings of the AAAI Workshop on Wikipedia and Artificial Intelligence",
  year =      "2008",
}

@INPROCEEDINGS{trust_from_rev_hist,
  author =    "Honglei Zeng and Maher A. Alhossaini and Li Ding and Richard Fikes and Deborah L. McGuinness",
  title =     "Computing Trust From Revision History",
  booktitle = "Proceedings of the International Conference on Privacy, Security, and Trust",
  year =      "2006",
  month =     "November"
}

@INPROCEEDINGS{quant_wiki_community,
  author =    "Felipe Ortega and Jesus M. Gonzalez-Barahona",
  title =     "Quantitative Analysis of the {W}ikipedia Community of Users",
  booktitle = "Proceedings of WikiSym '07",
  year =      "2007",
  address =   "Montreal, Canada"
}

@INPROCEEDINGS{snare,
	author =    "Shuang Hao and Nadeem Ahmed Syed and Nick Feamster and Alexander G. Gray and Sven Krasser",
	title =     "Detecting Spammers with {SNARE}: {S}patio-Temporal Network-Level Automated Reputation Engine",
	booktitle = "18th USENIX Security Symposium",
	year =      "2009"
}

@INPROCEEDINGS{security_wiki,
  author =    "Chrstian Damsgaard Jensen",
  title =     "Security in Wiki-Style Authoring Systems",
  booktitle = "IFIPTM '09: Proceedings of Trust Management III",
  year =      "2009",
  pages =     "81--98",
  address =   "West Lafayette, Indiana, USA"
}

@INPROCEEDINGS{potthast_auto_vandal,
  author =    "Martin Potthast and Benno Stein and Robert Gerling",
  title =     "Automatic Vandalism Detection in {W}ikipedia",
  booktitle = "Advances in Information Retrieval",
  pages =     "663--668",
  year =      "2008"
}

@INPROCEEDINGS{talk_before_you_type,
  author =    "Fernanda B. Vi\'{e}gas and Martin Wattenburg and Jesse Kriss and Frank van Ham",
  title =     "Talk Before You Type: {C}oordination in {W}ikipedia",
  booktitle = "HICSS '07: Proceedings of the 40th Annual Hawaii Conference on System Sciences",
  year =      "2007",
  pages =     "78--87"
}

@INPROCEEDINGS{create_destroy_restore,
  author =    "Reid Priedhorsky and Jilin Chen and Shyong K. Lam and Katherine Panciera and Loren Terveen and John Riedl",
  title =     "Creating, Destroying, and Restoring Value in {W}ikipedia",
  booktitle = "GROUP '07: Proc. of the 2007 ACM Conference on Supporting Group Work",
  year =      "2007",
  pages =     "259--268"
}

@INPROCEEDINGS{he_says_she_says,
  author =    "Aniket Kittur and Bogwon Suh and Bryan A. Pendleton and Ed H. Chi",
  title =     "He Says, She Says: {C}onflict and Coordination in {W}ikipedia",
  booktitle = "CHI '07: Proceedings of the SIGCHI Conference on Human Factors in Computing Systems",
  year =      "2007",
  pages =     "453--462"
}

@UNPUBLISHED{feasibility_of_autorate,
  author =    "Laura Rassbach and Trevor Pincock and Brian Mingus",
  title =     "Exploring the Feasability of Automatically Rating Online Article Quality"
}

@INPROCEEDINGS{measuring_wikipedia,
  author =    "Jakob Voss",
  booktitle = "10th International Conference of the International Society for Scientometrics and Informetrics",
  year =      "2005",
  month =     "July"
}

@INPROCEEDINGS{temporal_analysis,
  author =    "Luciana S. Buriol and Carlos Castillo and Debora Donato and Stefano Leonardi and Stefano Millozzi",
  title =     "Temporal Analysis of the {W}ikigraph",
  booktitle = "WI '06: Proceedings of the IEEE/WIC/ACM International Conference on Web Intelligence",
  year =      "2006",
  pages =     "45--51"
}

@TECHREPORT{presta,
  author =      "Andrew G. West and Adam J. Aviv and Jian Chang and Insup Lee",
  title =       "Mitigating Spam Using Spatio-Temporal Reputation",
  institution = "University of Pennsylvania",
  year =        "2010",
  number =      "MS-CIS-10-04",
  month =       "February"
}

@MISC{geolocation,
  title =       "{IP}info{DB}",
  howpublished= "\url{http://ipinfodb.com}",
  note =        "(Geolocation Data)"
}

@ARTICLE{nature,
  author =      "Jim Giles",
  title =       "Internet Encyclopedias go Head to Head",
  journal =     "Nature",
  year =        "2005",
  month =       "December",
  volume =      "438",
  pages =       "900--901"
}

@ARTICLE{homophily,
  author =  "Miller McPherson and Lynn Smith-Lovin and James M. Cook",
  title =   "Birds of a Feather: Homophily in Social Networks",
  journal = "Annual Review of Sociology",
  year =    "2001",
  volume =  "27",
  pages =   "415-444"
}

@MISC{stiki,
  title =         "{ST}iki",
  howpublished =  "\url{http://en.wikipedia.org/wiki/Wikipedia:STiki}"
}

@TECHREPORT{pagerank,
  author =      "Lawrence Page and Sergey Brin and Rajeev Motwani and Terry Winograd",
  title =       "The {P}age{R}ank Citation Ranking: {B}ringing Order to the Web",
  institution = "Stanford InfoLab",
  year =        "1999"
}

@INPROCEEDINGS{mcguiness_investigation,
  author =    "Deborah L. McGuinness and Honglei Zeng and Paulo Da Silva and Li Ding and Dhyanesh Narayanan and Mayukh Bhaowal",
  title =     "Investigation into Trust for Collaborative Information Repositories: {A} {W}ikipedia case study",
  booktitle = "Proceedings of the Workshop on Models of Trust for the Web",
  year =      "2006"
}

@INPROCEEDINGS{wiki_vandalism,
  author =    "Andrew G. West and Sampath Kannan and Insup Lee",
  title =     "Detecting {W}ikipedia Vandalism via Spatio-Temporal Analysis of Revision Metadata",
  booktitle = "EUROSEC `10: Proceedings of the Third European Workshop on System Security",
  year =      "2010",
  pages =     "22--28",
  address =   "Paris, France",
  month =     "April",
  publisher = "ACM",
  note =      "(A preliminary version was published as Technical Report UPENN-MS-CIS-10-05)",
  isbn =      "978-1-4503-0059-9"	
}

@MISC{wikistats,
	title = "Wikistats: {W}ikimedia Statistics",
	howpublished = "\url{http:// stats. wikimedia. org/}"
}

@MISC{wikipedia_api,
	title = "Wikipedia {API}",
	howpublished = "\url{http:// en. wikipedia. org/ w/ api.php}"
}

@MISC{wiki_hoax_death,
  author = "Ben Pershing",
	title = "Kennedy, {B}yrd the Latest Victims of {W}ikipedia Errors",
	howpublished = "\url{http:// voices. washingtonpost. com/ capitol-briefing/ 2009/ 01/ kennedy_ the_ latest_ victim_ of_ w. html}"
}

@MISC{wiki_libel,
  author = "John Seigenthaler",
	title = "A False {W}ikipedia `Biography'",
	howpublished = "\url{http:// www. usatoday. com/ news/ opinion/ editorials/ 2005- 11- 29- wikipedia- edit_x. htm}"
}

@MISC{wiki_media_error,
  author = "Shawn Pogatchnik",
	title = "Student Hoaxes World's Media on {W}ikipedia",
	howpublished = "\url{http:// www. msnbc. msn. com/ id/ 30699302/}"
}

@MISC{german_malware,
  author = "Dan Kaplan",
	title = "Hackers use {G}erman {W}ikipedia to Spread Malware",
	howpublished = "\url{http:// www. scmagazineuk. com/ hackers- use- german- wikipedia- article- to- spread- malware/ article/ 106455/}"
}

@INPROCEEDINGS{assessing_info_quality,
  author =    "Besiki Stvilia and Michael B. Twidale and Linda C. Smith and Les Gasser",
  title =     "Assessing Information Quality of a Community-based Encyclopedia",
  booktitle = "Proceedings of the International Conference on Information Quality",
  year =      "2005",
  pages =     "442--454"
}

@INPROCEEDINGS{bayes_spam,
  author =    "M. Sahamia and S. Dumais and D. Heckerman and E. Horvitz",
  title =     "A {B}ayesian approach to filtering junk email",
  booktitle = "Proceedings of the AAAI Workshop on Learning for Text Categorization",
  year =      "1998"
}

﻿@INCOLLECTION{can_we_manage_trust,
   author =     "Audun J{\o}sang and Claudia Keser and Theo Dimitrakos",
   title =      "Can We Manage Trust?",
   booktitle =  "Trust Management",
   series =     "Lecture Notes in Computer Science",
   editor =     "Peter Herrmann and Valerie Issarny and Simon Shiu",
   pages =      "93-107",
   volume =     "3477",
   year =       "2005"
}

@ARTICLE{iq_metrics,
  author =  "R. Wang and D. Strong",
  title =   "Beyond Accuracy: {W}hat Data Quality Means to Data Consumers",
  journal = "Journal of Management Information Systems" ,
  year =    "1996",
  volume =  "12",
  number =  "4",
  pages =   "5--34"
}

@INPROCEEDINGS{vandalism_comp,
  author =    "Martin Potthast and Benno Stein and Teresa Holfeld",
  title =     "Overview of the 1st International Competition on {W}ikipedia Vandalism Detection",
  booktitle = "Notebook Papers of CLEF 2010 LABs and Workshops",
  editor =    "Martin Braschler and Donna Harman",
  year =      "2010"
}

@INPROCEEDINGS{got_you,
  author =    "William Yang Wang and Kathleen McKeown",
  title =     "{``G}ot You!{''}: {A}utomatic Vandalism Detection in {W}ikipedia with Web-based Shallow Syntactic-Semantic Modeling",
  booktitle = "COLING' 10: Proceedings of the 23rd International Conference on Computational Linguistics",
  year =      "2010"
}

@BOOK{wiki_way,
  author =    "Bo Leuf and Ward Cunningham",
  title =     "The Wiki Way: {Q}uick Collaboration on the Web",
  publisher = "Addison-Wesley",
  year =      "2001"
}

@ARTICLE{puppy_smoothies,
  author =  "Tom Cross",
  title =   "Puppy smoothies: {I}mproving the reliability of open, collaborative wikis",
  journal = "First Monday",
  year =    "2006",
  volume =  "11",
  number =  "9",
  month =   "September"
}

@INPROCEEDINGS{intelligent_routing,
  author =    "Dan Cosley and Dan Frankowski and Loren Terveen and John Riedl",
  title =     "Using Intelligent Task Routing and Contribution Review to Help Communities Build Artifacts of Lasting Value",
  booktitle = "CHI '06: Proceedings of the SIGCHI Conference on Human Factors in Computing",
  year =      "2006",
  pages =     "1037--1046"
}

@INCOLLECTION{resnick_ebay,
  author =    "Paul Resnick and Richard Zeckhauser",
  title =     "Trust Among Strangers in {I}nternet Transactions: {E}mpirical Analysis of {eBay's} Reputation System",
  booktitle = "The Economics of the Internet and E-Commerce",
  editor =    "Michael R. Baye",
  pages =     "127--157",
  publisher = "Elsevier Science",
  series =    "Advances in Applied Microeconomics",
  volume =    "11",
  year =      "2002"
}

@INPROCEEDINGS{lim_peer_review,
  author =    "Ee-Peng Lim and Ba-Quy Vuong and Hady Wirawan Lauw and Aixin Sun",
  title =     "Measuring qualities of articles contributed by online communities",
  booktitle = "Proceedings of the ACM/WIC/ACM International Conference on Web Intelligence",
  year =      "2006",
  pages =     "81--87"
}

@INPROCEEDINGS{modeling_trust,
  author =    "Sara Javanmardi and Cristina Videira Lopes",
  title =     "Modeling Trust in Collaborative Information Systems",
  booktitle = "Proceedings of Collaborative Computing: Networking, Applications, and Worksharing",
  year =      "2007",
  pages =     "299--302"
}

@ARTICLE{authoritative_sources,
  author =  "Jon M. Kleinberg",
  title =   "Authoritative Sources in a Hyperlinked Environment",
  journal = "Journal of the ACM",
  year =    "1999",
  volume =  "46",
  number =  "5",
  pages =   "604--632"
}

@INPROCEEDINGS{wiki_nw_analysis,
  author =    "Francesco Bellomi and Roberto Bonato",
  title =     "Network Analysis for Wikipedia",
  booktitle = "WikiMania '05: The First International Wikimedia Conference",
  year =      "2005"
}

@INPROCEEDINGS{stat_lang_models,
  author =    "Si-Chi Chin and W. Nick Streeta and Padmini Srinivasan and David Eichmann",
  title =     "Detecting {W}ikipedia Vandalism with Active Learning and Statistical Language Models",
  booktitle = "WICOW '10: The Fourth Workshop on Information Credibility on the Web",
  year =      "2010"
}

@ARTICLE{survey_social_spam,
  author =    "Paul Heymann and George Koutrika and Hector Garcia-Molina",
  title =     "Fighting Spam on Social Web Sites: {A} Survey of Approaches and Future Challenges",
  journal =   "IEEE Internet Computing",
  year =      "2007",
  volume =    "11",
  number =    "6",
  pages =     "36--45"
}


@INPROCEEDINGS{banning_of_a_vandal,
  author =    "R. Stuart Geiger and David Ribes",
  title =     "The Work of Sustaining Order in {W}ikipedia: {T}he Banning of a Vandal",
  booktitle = "CSCW '10: Proceedings of the ACM Conference on Computer Supported Cooperative Work",
  year =      "2010",
  pages =     "117--126"
}

@INPROCEEDINGS{markov_compression,
  author =    "Kelly Y. Itakura and Charles L.A. Clarke",
  title =     "Using Dynamic {M}arkov Compression to Detect Vandalism in the {W}ikipedia",
  booktitle = "SIGIR '09: Proceedings of the 32nd International ACM SIGIR conference on Research and Development in Information Retrieval",
  year =      "2009",
  note =      "(Poster paper)"
}

@INPROCEEDINGS{iq_metrics_www,
  author =    "Xiaolan Zhu and Susan Gauch",
  title =     "Incorporating quality metrics in centralized/distributed information retrieval on the {W}orld {W}ide {W}eb",
  booktitle = "SIGIR '10: Proceedings of the ACM SIGIR Conference on Research and Development in Information Retrieval",
  year =      "2000",
  pages =     "288--295"
}

@INPROCEEDINGS{size_matters,
  author =    "Joshue E. Blumenstock",
  title =     "Size Matters: {W}ord Count of a Measure of Quality on {W}ikipedia",
  booktitle = "WWW '08: Proceedings of the 17th International Conference on the World Wide Web",
  year =      "2008",
  pages =     "1095--1096",
  note =      "(Poster paper)"
}

@INPROCEEDINGS{captcha,
  author =    "Marti Motoyama and Kirill Levchenko and Chris Kanich and Damon McCoy and Geoffrey M. Voekler and Stefan Savage",
  title =     "Re: {CAPTCHA}s - {U}nderstanding {CAPTCHA}-Solving Services in an Economic Context",
  booktitle = "USENIX Security `10: Proceedings of the 19th USENIX Security Symposium",
  year =      "2010",
  month =     "August"
}

@INPROCEEDINGS{high_level_histories,
  author =    "Peter Kin-Fong Fong and Robert P. Biuk-Aghai",
  title =     "What Did They Do? {D}eriving High-level Edit Histories in Wikis",
  booktitle = "WikiSym `10: Proceedings of the Sixth International Symposium on Wikis and Open Collaboration",
  year =      "2010",
  month =     "July"
}

@ARTICLE{wiki_labor_squeeze,
  author =  "Eric Goldman",
  title =   "Wikipedia's Labor Squeeze and its Consequences",
  journal = "Journal of Telecommunications and High Technology Law",
  year =    "2009",
  volume =  "8"
}

@INPROCEEDINGS{virtual_comm_practice,
  author =    "Andreas Neus",
  title =     "Managing Information Quality in Virtual Communities of Practice",
  booktitle = "Proceedings of the 6th International Conference of Information Quality at MIT",
  year =      "2001"
}

@INPROCEEDINGS{barnstars,
  author =    "Travis Kriplean and Ivan Beschastnikh and David W. McDonald",
  title =     "Articulations of Wikiwork: {U}ncovering Valued Work in {W}ikipedia through Barnstars",
  booktitle = "CSCW '08: Proceedings of the 2008 ACM conference on Computer Supported Cooperative Work",
  year =      "2008",
  pages =     "47--56"
}
